@misc{stackoverflow,
author="Stackoveflow",
title="Markdown Editing Help",
howpublished="\url{http://stackoverflow.com/editing-help}"
}

@misc{dockersecurity,
author="Docker",
title="Docker security",
howpublished="\url{https://docs.docker.com/engine/security/security/}"
}